<record><leader>00000cas a22000007a 4500</leader><controlfield tag="001">26075415</controlfield><controlfield tag="008">920624d19391943wyuwr ne      0    0eng d</controlfield><datafield ind1=" " ind2=" " tag="010"><subfield code="a">sn 92067116 </subfield></datafield><datafield ind1=" " ind2=" " tag="040"><subfield code="a">NVO</subfield><subfield code="b">eng</subfield><subfield code="c">NVO</subfield><subfield code="d">OCLCQ</subfield></datafield><datafield ind1=" " ind2=" " tag="042"><subfield code="a">msc</subfield></datafield><datafield ind1="0" ind2="4" tag="245"><subfield code="a">The Riverton press, the Riverton reporter and the Fremont County independent.</subfield></datafield><datafield ind1="1" ind2="3" tag="246"><subfield code="a">Riverton press and the Riverton reporter,</subfield><subfield code="f">Sept. 21-Oct. 5, 1939</subfield></datafield><datafield ind1=" " ind2=" " tag="260"><subfield code="a">Riverton, Wyo. :</subfield><subfield code="b">V. Gould</subfield></datafield><datafield ind1=" " ind2=" " tag="300"><subfield code="a">v.</subfield></datafield><datafield ind1=" " ind2=" " tag="310"><subfield code="a">Weekly</subfield></datafield><datafield ind1="0" ind2=" " tag="362"><subfield code="a">Vol. 14, no. 4 (Sept. 21, 1939)-v. 18, no. 31 (Nov. 4, 1943).</subfield></datafield><datafield ind1=" " ind2=" " tag="580"><subfield code="a">Called: The Riverton press and the Riverton reporter, Sept.-Oct. 5, 1939.</subfield></datafield><datafield ind1=" " ind2="4" tag="651"><subfield code="a">Riverton (Wyo.)</subfield><subfield code="v">Newspapers.</subfield></datafield><datafield ind1=" " ind2="4" tag="651"><subfield code="a">Fremont County (Wyo.)</subfield><subfield code="v">Newspapers.</subfield></datafield><datafield ind1=" " ind2=" " tag="752"><subfield code="a">United States</subfield><subfield code="b">Wyoming</subfield><subfield code="c">Fremont</subfield><subfield code="d">Riverton.</subfield></datafield><datafield ind1="0" ind2="0" tag="780"><subfield code="t">Riverton reporter and the Fremont County independent</subfield><subfield code="w">(DLC)sn 92067117</subfield></datafield><datafield ind1="0" ind2="0" tag="785"><subfield code="t">Riverton press</subfield><subfield code="w">(DLC)sn 92067115</subfield></datafield><datafield ind1="1" ind2=" " tag="029"><subfield code="a">AU@</subfield><subfield code="b">000020692930</subfield></datafield></record>